@Manual{citeR,
    title = {{R: A Language and Environment for Statistical Computing}},
    author = {{R Core Team}},
    organization = {R Foundation for Statistical Computing},
    address = {Vienna, Austria},
    year = {2023},
    url = {https://www.R-project.org/},
  }
  
@misc{fivethirty,
  author = {{FiveThirtyEight}},
  title = {2024 Election Polls},
  year = {2024},
  url = {https://projects.fivethirtyeight.com/polls/},
  note = {FiveThirtyEight's comprehensive database of presidential election polls},
  organization = {FiveThirtyEight}
}

@Article{tidyverse,
    title = {{Welcome to the {tidyverse}}},
    author = {Hadley Wickham and Mara Averick and Jennifer Bryan and Winston Chang and Lucy D'Agostino McGowan and Romain François and Garrett Grolemund and Alex Hayes and Lionel Henry and Jim Hester and Max Kuhn and Thomas Lin Pedersen and Evan Miller and Stephan Milton Bache and Kirill Müller and Jeroen Ooms and David Robinson and Dana Paige Seidel and Vitalie Spinu and Kohske Takahashi and Davis Vaughan and Claus Wilke and Kara Woo and Hiroaki Yutani},
    year = {2019},
    journal = {Journal of Open Source Software},
    volume = {4},
    number = {43},
    pages = {1686},
    doi = {10.21105/joss.01686},
  }  

@manual{ggplot2,
  author = {Hadley Wickham},
  title = {{Ggplot2: Elegant Graphics for Data Analysis}},
  publisher = {Springer-Verlag New York},
  year = {2016},
  isbn = {978-3-319-24277-4},
  url = {https://ggplot2.tidyverse.org},
}

@manual{knitr,
  title = {{knitr: A General-Purpose Package for Dynamic Report Generation in R}},
  author = {Yihui Xie},
  year = {2023},
  note = {R package version 1.45},
  url = {https://yihui.org/knitr/},
}


@Manual{usmap,
    title = {{usmap: US Maps Including Alaska and Hawaii}},
    author = {Paolo {Di Lorenzo}},
    year = {2024},
    note = {R package version 0.7.1},
    url = {https://CRAN.R-project.org/package=usmap},
  }
  
@Manual{corrplot,
    title = {{R package 'corrplot': Visualization of a Correlation Matrix}},
    author = {Taiyun Wei and Viliam Simko},
    year = {2024},
    note = {(Version 0.95)},
    url = {https://github.com/taiyun/corrplot},
  }
  
@Manual{arrow,
    title = {arrow: Integration to 'Apache' 'Arrow'},
    author = {Neal Richardson and Ian Cook and Nic Crane and Dewey Dunnington and Romain François and Jonathan Keane and Dragoș Moldovan-Grünfeld and Jeroen Ooms and Jacob Wujciak-Jens and {Apache Arrow}},
    year = {2024},
    note = {R package version 17.0.0.1},
    url = {https://CRAN.R-project.org/package=arrow},
  }
  
@article{silver2024gut,
  author    = {Nate Silver},
  title     = {{My Gut Says Trump, but Don’t Trust Anyone’s Gut, Even Mine}},
  journal   = {The New York Times},
  year      = {2024},
  month     = {October 23},
  url       = {https://www.nytimes.com/2024/10/23/opinion/election-polls-results-trump-harris.html?unlocked_article_code=1.UU4.pFkQ.F2hD-woxmiEj&smid=url-share},
  note      = {Accessed: 2024-10-31}
}

@misc{pewresearch,
  author = {{Pew Research Center}},
  title = {{Survey Methodology for Political Polling}},
  year = {2024},
  url = {https://www.pewresearch.org/methodology},
  note = {Pew Research Center's insights on political polling methods},
  organization = {Pew Research Center}
}

@misc{pew_survey_methodology,
  author = {{Pew Research Center}},
  title = {{Methods 101: How Polls Work}},
  year = {2019},
  url = {https://www.pewresearch.org/methods/2019/07/16/video-how-is-polling-done-around-the-world/},
  note = {Pew Research Center's guide to understanding polling methods and survey research},
  organization = {Pew Research Center}
}

@misc{surveyusa_website,
  title = {SurveyUSA: America's Polling Agency},
  author = {SurveyUSA},
  year = {2024},
  url = {https://www.surveyusa.net/},
  note = {Accessed: 2024-10-31}
}

@misc{surveyusa_methodology,
  title = {SurveyUSA Methodology},
  author = {SurveyUSA},
  year = {2024},
  url = {https://www.surveyusa.net/methodology/},
  note = {Accessed: 2024-10-31}
}

@book{groves2012nonresponse,
  title={Nonresponse in household interview surveys},
  author={Groves, Robert M and Couper, Mick P},
  year={2012},
  publisher={John Wiley \& Sons}
}

@article{peytchev2013consequences,
  title={Consequences of survey nonresponse},
  author={Peytchev, Andy},
  journal={The ANNALS of the American Academy of Political and Social Science},
  volume={645},
  number={1},
  pages={88--111},
  year={2013},
  publisher={Sage Publications Sage CA: Los Angeles, CA}
}

@article{bethlehem2010selection,
  title={Selection bias in web surveys},
  author={Bethlehem, Jelke},
  journal={International statistical review},
  volume={78},
  number={2},
  pages={161--188},
  year={2010},
  publisher={Wiley Online Library}
}
